<record><leader>00000cas a2200000 a 4500</leader><controlfield tag="001">10704194</controlfield><controlfield tag="008">840508d18641878wvudn ne      0    0eng c</controlfield><datafield ind1=" " ind2=" " tag="010"><subfield code="a">sn 84026847 </subfield></datafield><datafield ind1=" " ind2=" " tag="040"><subfield code="a">NPU</subfield><subfield code="b">eng</subfield><subfield code="c">NPU</subfield><subfield code="d">NPX</subfield><subfield code="d">WVC</subfield><subfield code="d">DLC</subfield><subfield code="d">WVC</subfield><subfield code="d">CNW</subfield><subfield code="d">OCL</subfield><subfield code="d">NVK</subfield><subfield code="d">OCL</subfield><subfield code="d">DLC</subfield><subfield code="d">OCLCQ</subfield><subfield code="d">OCLCF</subfield><subfield code="d">OCLCO</subfield></datafield><datafield ind1="1" ind2=" " tag="029"><subfield code="a">AU@</subfield><subfield code="b">000025786543</subfield></datafield><datafield ind1=" " ind2=" " tag="042"><subfield code="a">pcc</subfield></datafield><datafield ind1=" " ind2=" " tag="043"><subfield code="a">n-us-wv</subfield></datafield><datafield ind1="0" ind2="0" tag="050"><subfield code="a">Newspaper</subfield></datafield><datafield ind1="0" ind2="4" tag="245"><subfield code="a">The Wheeling daily register.</subfield></datafield><datafield ind1=" " ind2=" " tag="260"><subfield code="a">Wheeling, W. Va. :</subfield><subfield code="b">Lewis Baker &amp; O.S. Long,</subfield><subfield code="c">1864-1878.</subfield></datafield><datafield ind1=" " ind2=" " tag="300"><subfield code="a">15 v. ;</subfield><subfield code="c">61 cm.</subfield></datafield><datafield ind1=" " ind2=" " tag="310"><subfield code="a">Daily (except Sunday)</subfield></datafield><datafield ind1="0" ind2=" " tag="362"><subfield code="a">Vol. 2, no. 73 (Dec. 17, 1864)-v. 16, no. 95 (Nov. 6, 1878).</subfield></datafield><datafield ind1=" " ind2=" " tag="500"><subfield code="a">Publisher varies: The Register Co., &lt;1876&gt;; Lewis Baker &amp; Co. &lt;Apr. 11, 1868&gt;-Nov. 6, 1878.</subfield></datafield><datafield ind1=" " ind2=" " tag="500"><subfield code="a">"Democratic." Cf. Rowell, 1878.</subfield></datafield><datafield ind1=" " ind2=" " tag="530"><subfield code="a">Available on microfilm from Bell and Howell; and from the Library of Congress, Photoduplication Service.</subfield></datafield><datafield ind1=" " ind2=" " tag="580"><subfield code="a">Issued also in a tri-weekly edition entitled: Wheeling tri-weekly register, and a weekly edition entitled: Weekly register (Wheeling, W. Va.), and a German edition entitled: Arbeiter-freund (Wheeling, W. Va.).</subfield></datafield><datafield ind1=" " ind2=" " tag="580"><subfield code="a">Issued from the same office: Sunday news (Wheeling, W. Va.).</subfield></datafield><datafield ind1=" " ind2="0" tag="651"><subfield code="a">Wheeling (W. Va.)</subfield><subfield code="v">Newspapers.</subfield></datafield><datafield ind1=" " ind2="7" tag="655"><subfield code="a">Newspapers.</subfield><subfield code="2">fast</subfield><subfield code="0">(OCoLC)fst01423814</subfield></datafield><datafield ind1=" " ind2="7" tag="651"><subfield code="a">West Virginia</subfield><subfield code="z">Wheeling.</subfield><subfield code="2">fast</subfield><subfield code="0">(OCoLC)fst01213675</subfield></datafield><datafield ind1=" " ind2=" " tag="752"><subfield code="a">United States</subfield><subfield code="b">West Virginia</subfield><subfield code="c">Ohio</subfield><subfield code="d">Wheeling.</subfield></datafield><datafield ind1="1" ind2=" " tag="775"><subfield code="t">Wheeling tri-weekly register</subfield><subfield code="w">(DLC)sn 84026848</subfield></datafield><datafield ind1="1" ind2=" " tag="775"><subfield code="t">Weekly register (Wheeling, W. Va.)</subfield><subfield code="w">(DLC)sn 84026849</subfield></datafield><datafield ind1="1" ind2=" " tag="775"><subfield code="t">Arbeiter-freund (Wheeling, W. Va.)</subfield><subfield code="w">(DLC)sn 84026890</subfield></datafield><datafield ind1="0" ind2="0" tag="780"><subfield code="t">Daily register (Wheeling, W. Va.)</subfield><subfield code="w">(DLC)sn 86092517</subfield></datafield><datafield ind1="0" ind2="0" tag="785"><subfield code="t">Wheeling register</subfield><subfield code="w">(DLC)sn 86092518</subfield></datafield><datafield ind1="1" ind2=" " tag="787"><subfield code="t">Sunday news (Wheeling, W. Va.)</subfield><subfield code="w">(DLC)sn 84026850</subfield></datafield></record>